<record><leader>00000cas a22000007a 4500</leader><controlfield tag="001">22367986</controlfield><controlfield tag="008">900913d18921918nyudn ne      0    0eng d</controlfield><datafield ind1=" " ind2=" " tag="010"><subfield code="a">sn 90066261 </subfield></datafield><datafield ind1=" " ind2=" " tag="040"><subfield code="a">NYS</subfield><subfield code="b">eng</subfield><subfield code="c">NYS</subfield><subfield code="d">OCLCQ</subfield></datafield><datafield ind1=" " ind2=" " tag="042"><subfield code="a">msc</subfield></datafield><datafield ind1="0" ind2="4" tag="245"><subfield code="a">The Pokeepsie evening enterprise.</subfield></datafield><datafield ind1="3" ind2="0" tag="246"><subfield code="a">Poughkeepsie evening enterprise</subfield></datafield><datafield ind1="3" ind2="0" tag="246"><subfield code="a">Evening enterprise</subfield></datafield><datafield ind1=" " ind2=" " tag="260"><subfield code="a">Pokeepsie [i.e. Poughkeepsie], N.Y. :</subfield><subfield code="b">Enterprise Pub. Co.,</subfield><subfield code="c">1892-</subfield></datafield><datafield ind1=" " ind2=" " tag="300"><subfield code="a">v. :</subfield><subfield code="b">ill. ;</subfield><subfield code="c">33 cm.</subfield></datafield><datafield ind1=" " ind2=" " tag="310"><subfield code="a">Daily (except Sunday)</subfield></datafield><datafield ind1="0" ind2=" " tag="362"><subfield code="a">Vol. 10 (Oct. 20, 1892)-</subfield></datafield><datafield ind1="1" ind2=" " tag="362"><subfield code="a">Ceased in 1918?</subfield></datafield><datafield ind1=" " ind2=" " tag="500"><subfield code="a">Published a "Special" Wappingers Falls ed. on Aug. 2, 1912 titled: Evening enterprise.</subfield></datafield><datafield ind1=" " ind2="4" tag="651"><subfield code="a">Poughkeepsie (N.Y.)</subfield><subfield code="v">Newspapers.</subfield></datafield><datafield ind1=" " ind2=" " tag="752"><subfield code="a">United States</subfield><subfield code="b">New York</subfield><subfield code="c">Dutchess</subfield><subfield code="d">Poughkeepsie.</subfield></datafield><datafield ind1="0" ind2="0" tag="780"><subfield code="t">Evening enterprise (Poughkeepsie, N.Y.)</subfield><subfield code="w">(DLC)sn 84031889</subfield><subfield code="w">(OCoLC)11315610</subfield></datafield><datafield ind1="0" ind2="7" tag="785"><subfield code="t">Poughkeepsie evening star (Poughkeepsie, N.Y. : 1904)</subfield><subfield code="w">(DLC)sn 84031887</subfield><subfield code="w">(OCoLC)11315600</subfield></datafield><datafield ind1="0" ind2="7" tag="785"><subfield code="t">Poughkeepsie evening star, evening enterprise</subfield><subfield code="w">(DLC)sn 87028295</subfield><subfield code="w">(OCoLC)15433191</subfield></datafield><datafield ind1="1" ind2=" " tag="029"><subfield code="a">AU@</subfield><subfield code="b">000025864853</subfield></datafield></record>